@inproceedings{FiatS86,
  author    = {Amos Fiat and
               Adi Shamir},
  editor    = {Andrew M. Odlyzko},
  title     = {How to Prove Yourself: Practical Solutions to Identification and Signature
               Problems},
  booktitle = {Advances in Cryptology - {CRYPTO} '86, Santa Barbara, California,
               USA, 1986, Proceedings},
  series    = {Lecture Notes in Computer Science},
  volume    = {263},
  pages     = {186--194},
  publisher = {Springer},
  year      = {1986},
  note      = {\url{https://doi.org/10.1007/3-540-47721-7\_12}},
  doi       = {10.1007/3-540-47721-7\_12}
}

@inproceedings{NaorY90,
  author    = {Moni Naor and
               Moti Yung},
  editor    = {Harriet Ortiz},
  title     = {Public-key Cryptosystems Provably Secure against Chosen Ciphertext
               Attacks},
  booktitle = {Proceedings of the 22nd Annual {ACM} Symposium on Theory of Computing,
               May 13-17, 1990, Baltimore, Maryland, {USA}},
  pages     = {427--437},
  publisher = {{ACM}},
  year      = {1990},
  note      = {\url{https://doi.org/10.1145/100216.100273}},
  doi       = {10.1145/100216.100273},
}

@inproceedings{GoldwasserMR85,
  author    = {Shafi Goldwasser and
               Silvio Micali and
               Charles Rackoff},
  editor    = {Robert Sedgewick},
  title     = {The Knowledge Complexity of Interactive Proof-Systems (Extended Abstract)},
  booktitle = {Proceedings of the 17th Annual {ACM} Symposium on Theory of Computing,
               May 6-8, 1985, Providence, Rhode Island, {USA}},
  pages     = {291--304},
  publisher = {{ACM}},
  year      = {1985},
  url       = {https://doi.org/10.1145/22145.22178},
  doi       = {10.1145/22145.22178}
}

@inproceedings{BabaiFLS91,
  author    = {L{\'{a}}szl{\'{o}} Babai and
               Lance Fortnow and
               Leonid A. Levin and
               Mario Szegedy},
  editor    = {Cris Koutsougeras and
               Jeffrey Scott Vitter},
  title     = {Checking Computations in Polylogarithmic Time},
  booktitle = {Proceedings of the 23rd Annual {ACM} Symposium on Theory of Computing,
               May 5-8, 1991, New Orleans, Louisiana, {USA}},
  pages     = {21--31},
  publisher = {{ACM}},
  year      = {1991},
  url       = {https://doi.org/10.1145/103418.103428},
  doi       = {10.1145/103418.103428}
}

@inproceedings{Kilian92,
  author    = {Joe Kilian},
  editor    = {S. Rao Kosaraju and
               Mike Fellows and
               Avi Wigderson and
               John A. Ellis},
  title     = {A Note on Efficient Zero-Knowledge Proofs and Arguments (Extended
               Abstract)},
  booktitle = {Proceedings of the 24th Annual {ACM} Symposium on Theory of Computing,
               May 4-6, 1992, Victoria, British Columbia, Canada},
  pages     = {723--732},
  publisher = {{ACM}},
  year      = {1992},
  url       = {https://doi.org/10.1145/129712.129782},
  doi       = {10.1145/129712.129782}
}

@article{Micali00,
  author    = {Silvio Micali},
  title     = {Computationally Sound Proofs},
  journal   = {{SIAM} J. Comput.},
  volume    = {30},
  number    = {4},
  pages     = {1253--1298},
  year      = {2000},
  url       = {https://doi.org/10.1137/S0097539795284959},
  doi       = {10.1137/S0097539795284959}
}

@inproceedings{ParnoHG013,
  author    = {Bryan Parno and
               Jon Howell and
               Craig Gentry and
               Mariana Raykova},
  title     = {Pinocchio: Nearly Practical Verifiable Computation},
  booktitle = {2013 {IEEE} Symposium on Security and Privacy, {SP} 2013, Berkeley,
               CA, USA, May 19-22, 2013},
  pages     = {238--252},
  publisher = {{IEEE} Computer Society},
  year      = {2013},
  url       = {https://doi.org/10.1109/SP.2013.47},
  doi       = {10.1109/SP.2013.47}
}

@inproceedings{Thaler13,
  author    = {Justin Thaler},
  editor    = {Ran Canetti and
               Juan A. Garay},
  title     = {Time-Optimal Interactive Proofs for Circuit Evaluation},
  booktitle = {Advances in Cryptology - {CRYPTO} 2013 - 33rd Annual Cryptology Conference,
               Santa Barbara, CA, USA, August 18-22, 2013. Proceedings, Part {II}},
  series    = {Lecture Notes in Computer Science},
  volume    = {8043},
  pages     = {71--89},
  publisher = {Springer},
  year      = {2013},
  url       = {https://doi.org/10.1007/978-3-642-40084-1\_5},
  doi       = {10.1007/978-3-642-40084-1\_5}
}

@inproceedings{Ben-SassonCGTV13,
  author    = {Eli Ben{-}Sasson and
               Alessandro Chiesa and
               Daniel Genkin and
               Eran Tromer and
               Madars Virza},
  editor    = {Ran Canetti and
               Juan A. Garay},
  title     = {SNARKs for {C:} Verifying Program Executions Succinctly and in Zero
               Knowledge},
  booktitle = {Advances in Cryptology - {CRYPTO} 2013 - 33rd Annual Cryptology Conference,
               Santa Barbara, CA, USA, August 18-22, 2013. Proceedings, Part {II}},
  series    = {Lecture Notes in Computer Science},
  volume    = {8043},
  pages     = {90--108},
  publisher = {Springer},
  year      = {2013},
  url       = {https://doi.org/10.1007/978-3-642-40084-1\_6},
  doi       = {10.1007/978-3-642-40084-1\_6}
}

@inproceedings{Ben-SassonCGT13,
  author    = {Eli Ben{-}Sasson and
               Alessandro Chiesa and
               Daniel Genkin and
               Eran Tromer},
  editor    = {Robert D. Kleinberg},
  title     = {Fast reductions from RAMs to delegatable succinct constraint satisfaction
               problems: extended abstract},
  booktitle = {Innovations in Theoretical Computer Science, {ITCS} '13, Berkeley,
               CA, USA, January 9-12, 2013},
  pages     = {401--414},
  publisher = {{ACM}},
  year      = {2013},
  url       = {https://doi.org/10.1145/2422436.2422481},
  doi       = {10.1145/2422436.2422481}
}

@inproceedings{Ben-SassonCG0MTV14,
  author    = {Eli Ben{-}Sasson and
               Alessandro Chiesa and
               Christina Garman and
               Matthew Green and
               Ian Miers and
               Eran Tromer and
               Madars Virza},
  title     = {Zerocash: Decentralized Anonymous Payments from Bitcoin},
  booktitle = {2014 {IEEE} Symposium on Security and Privacy, {SP} 2014, Berkeley,
               CA, USA, May 18-21, 2014},
  pages     = {459--474},
  publisher = {{IEEE} Computer Society},
  year      = {2014},
  url       = {https://doi.org/10.1109/SP.2014.36},
  doi       = {10.1109/SP.2014.36}
}

@inproceedings{Ben-SassonCTV14,
  author    = {Eli Ben{-}Sasson and
               Alessandro Chiesa and
               Eran Tromer and
               Madars Virza},
  editor    = {Kevin Fu and
               Jaeyeon Jung},
  title     = {Succinct Non-Interactive Zero Knowledge for a von Neumann Architecture},
  booktitle = {Proceedings of the 23rd {USENIX} Security Symposium, San Diego, CA,
               USA, August 20-22, 2014},
  pages     = {781--796},
  publisher = {{USENIX} Association},
  year      = {2014},
  url       = {https://www.usenix.org/conference/usenixsecurity14/technical-sessions/presentation/ben-sasson}
}

@inproceedings{ChiesaTV15,
  author    = {Alessandro Chiesa and
               Eran Tromer and
               Madars Virza},
  editor    = {Elisabeth Oswald and
               Marc Fischlin},
  title     = {Cluster Computing in Zero Knowledge},
  booktitle = {Advances in Cryptology - {EUROCRYPT} 2015 - 34th Annual International
               Conference on the Theory and Applications of Cryptographic Techniques,
               Sofia, Bulgaria, April 26-30, 2015, Proceedings, Part {II}},
  series    = {Lecture Notes in Computer Science},
  volume    = {9057},
  pages     = {371--403},
  publisher = {Springer},
  year      = {2015},
  url       = {https://doi.org/10.1007/978-3-662-46803-6\_13},
  doi       = {10.1007/978-3-662-46803-6\_13}
}

@article{WalfishB15,
  author    = {Michael Walfish and
               Andrew J. Blumberg},
  title     = {Verifying computations without reexecuting them},
  journal   = {Commun. {ACM}},
  volume    = {58},
  number    = {2},
  pages     = {74--84},
  year      = {2015},
  url       = {https://doi.org/10.1145/2641562},
  doi       = {10.1145/2641562}
}

@inproceedings{WahbySRBW15,
  author    = {Riad S. Wahby and
               Srinath T. V. Setty and
               Zuocheng Ren and
               Andrew J. Blumberg and
               Michael Walfish},
  title     = {Efficient {RAM} and control flow in verifiable outsourced computation},
  booktitle = {22nd Annual Network and Distributed System Security Symposium, {NDSS}
               2015, San Diego, California, USA, February 8-11, 2015},
  publisher = {The Internet Society},
  year      = {2015},
  url       = {https://www.ndss-symposium.org/ndss2015/efficient-ram-and-control-flow-verifiable-outsourced-computation}
}

@inproceedings{Ben-SassonCGV16,
  author    = {Eli Ben{-}Sasson and
               Alessandro Chiesa and
               Ariel Gabizon and
               Madars Virza},
  editor    = {Eyal Kushilevitz and
               Tal Malkin},
  title     = {Quasi-Linear Size Zero Knowledge from Linear-Algebraic PCPs},
  booktitle = {Theory of Cryptography - 13th International Conference, {TCC} 2016-A,
               Tel Aviv, Israel, January 10-13, 2016, Proceedings, Part {II}},
  series    = {Lecture Notes in Computer Science},
  volume    = {9563},
  pages     = {33--64},
  publisher = {Springer},
  year      = {2016},
  url       = {https://doi.org/10.1007/978-3-662-49099-0\_2},
  doi       = {10.1007/978-3-662-49099-0\_2},
  timestamp = {Tue, 14 May 2019 10:00:47 +0200},
  biburl    = {https://dblp.org/rec/conf/tcc/Ben-SassonCGV16.bib},
  bibsource = {dblp computer science bibliography, https://dblp.org}
}

@inproceedings{Ben-SassonBCGGH17,
  author    = {Eli Ben{-}Sasson and
               Iddo Bentov and
               Alessandro Chiesa and
               Ariel Gabizon and
               Daniel Genkin and
               Matan Hamilis and
               Evgenya Pergament and
               Michael Riabzev and
               Mark Silberstein and
               Eran Tromer and
               Madars Virza},
  editor    = {Jean{-}S{\'{e}}bastien Coron and
               Jesper Buus Nielsen},
  title     = {Computational Integrity with a Public Random String from Quasi-Linear
               PCPs},
  booktitle = {Advances in Cryptology - {EUROCRYPT} 2017 - 36th Annual International
               Conference on the Theory and Applications of Cryptographic Techniques,
               Paris, France, April 30 - May 4, 2017, Proceedings, Part {III}},
  series    = {Lecture Notes in Computer Science},
  volume    = {10212},
  pages     = {551--579},
  year      = {2017},
  note      = {\url{https://doi.org/10.1007/978-3-319-56617-7\_19}},
  doi       = {10.1007/978-3-319-56617-7\_19}
}

@inproceedings{GrothM17,
  author    = {Jens Groth and
               Mary Maller},
  editor    = {Jonathan Katz and
               Hovav Shacham},
  title     = {Snarky Signatures: Minimal Signatures of Knowledge from Simulation-Extractable
               SNARKs},
  booktitle = {Advances in Cryptology - {CRYPTO} 2017 - 37th Annual International
               Cryptology Conference, Santa Barbara, CA, USA, August 20-24, 2017,
               Proceedings, Part {II}},
  series    = {Lecture Notes in Computer Science},
  volume    = {10402},
  pages     = {581--612},
  publisher = {Springer},
  year      = {2017},
  note      = {\url{https://doi.org/10.1007/978-3-319-63715-0\_20}},
  doi       = {10.1007/978-3-319-63715-0\_20}
}

@article{Ben-SassonBHR18,
  author    = {Eli Ben{-}Sasson and
               Iddo Bentov and
               Yinon Horesh and
               Michael Riabzev},
  title     = {Scalable, transparent, and post-quantum secure computational integrity},
  journal   = {{IACR} Cryptol. ePrint Arch.},
  volume    = {2018},
  pages     = {46},
  year      = {2018},
  url       = {http://eprint.iacr.org/2018/046}
}

@unpublished{Nitulescu19,
  title={A Gentle Introduction to SNARKs},
  author={Nitulescu, Anca},
  year={2019}
}

@online{ZKProof20,
  author       = {D. Benarroch, L. T. A. N. Brandão, E. Tromer.},
  title        = {ZKProof Community Reference},
  year         = {2019},
  publisher    = {zkproof.org},
  note         = {\url{https://zkproof.org}}
}



@inproceedings{gos2006non,
  title={Non-interactive zaps and new techniques for NIZK},
  author={Groth, Jens and Ostrovsky, Rafail and Sahai, Amit},
  booktitle={Annual International Cryptology Conference},
  pages={97--111},
  year={2006},
  organization={Springer}
}

@inproceedings{gos2006perfect,
  title={Perfect non-interactive zero knowledge for NP},
  author={Groth, Jens and Ostrovsky, Rafail and Sahai, Amit},
  booktitle={Annual International Conference on the Theory and Applications of Cryptographic Techniques},
  pages={339--358},
  year={2006},
  organization={Springer}
}

@inproceedings{groth2006simulation,
  title={Simulation-sound NIZK proofs for a practical language and constant size group signatures},
  author={Groth, Jens},
  booktitle={International Conference on the Theory and Application of Cryptology and Information Security},
  pages={444--459},
  year={2006},
  organization={Springer}
}

@inproceedings{groth2016size,
  title={On the size of pairing-based non-interactive arguments},
  author={Groth, Jens},
  booktitle={Annual international conference on the theory and applications of cryptographic techniques},
  pages={305--326},
  year={2016},
  organization={Springer}
}

@article{goldreich1998complexity,
  title={On the Complexity of Interactive Proofs with Bounded Communication.},
  author={Goldreich, Oded and H{\aa}stad, Johan},
  journal={Inf. Process. Lett.},
  volume={67},
  number={4},
  pages={205--214},
  year={1998},
  publisher={Citeseer}
}

@inproceedings{bfm1988non,
  title={Non-interactive zero-knowledge and its applications},
  author={Blum, Manuel and Feldman, Paul and Micali, Silvio},
  booktitle={Twentieth Annual ACM Symposium on Theory of Computing},
  pages={103--112},
  year={1988}
}